<record><leader>00000cas a22000007a 4500</leader><controlfield tag="001">9802587</controlfield><controlfield tag="008">830811d187319uunyudn ne      0    0eng d</controlfield><datafield ind1=" " ind2=" " tag="010"><subfield code="a">sn 83031161 </subfield></datafield><datafield ind1=" " ind2=" " tag="040"><subfield code="a">NPU</subfield><subfield code="b">eng</subfield><subfield code="c">NPU</subfield><subfield code="d">DLC</subfield><subfield code="d">NPX</subfield><subfield code="d">NYS</subfield><subfield code="d">OCLCQ</subfield></datafield><datafield ind1=" " ind2=" " tag="042"><subfield code="a">msc</subfield></datafield><datafield ind1="0" ind2="0" tag="050"><subfield code="a">Newspaper 8829-X</subfield></datafield><datafield ind1="0" ind2=" " tag="130"><subfield code="a">Ithaca daily Democrat (Ithaca, N.Y. : 1873)</subfield></datafield><datafield ind1="1" ind2="0" tag="245"><subfield code="a">Ithaca daily Democrat.</subfield></datafield><datafield ind1=" " ind2=" " tag="260"><subfield code="a">Ithaca, N.Y. :</subfield><subfield code="b">Spencer &amp; Williams</subfield></datafield><datafield ind1=" " ind2=" " tag="300"><subfield code="a">v. ;</subfield><subfield code="c">53 cm.</subfield></datafield><datafield ind1=" " ind2=" " tag="310"><subfield code="a">Daily (except Sunday)</subfield></datafield><datafield ind1="1" ind2=" " tag="362"><subfield code="a">Began with Jan. 2, 1873 issue?</subfield></datafield><datafield ind1=" " ind2=" " tag="588"><subfield code="a">Description based on: Vol. 5, no. 14 (Jan. 17, 1873).</subfield></datafield><datafield ind1=" " ind2="4" tag="651"><subfield code="a">Ithaca (N.Y.)</subfield><subfield code="v">Newspapers.</subfield></datafield><datafield ind1=" " ind2=" " tag="752"><subfield code="a">United States</subfield><subfield code="b">New York</subfield><subfield code="c">Tompkins</subfield><subfield code="d">Ithaca.</subfield></datafield><datafield ind1="0" ind2=" " tag="775"><subfield code="t">Ithaca weekly Democrat</subfield><subfield code="w">(DLC)sn 83031160</subfield></datafield><datafield ind1="0" ind2="0" tag="780"><subfield code="t">Ithaca evening leader</subfield><subfield code="w">(DLC)sn 90066518</subfield><subfield code="w">(OCoLC)22291345</subfield></datafield><datafield ind1="1" ind2=" " tag="029"><subfield code="a">AU@</subfield><subfield code="b">000020370183</subfield></datafield></record>